% Encoding: UTF-8

@Article{fused,
  author    = {Tibshirani, Robert and Saunders, Michael and Rosset, Saharon and Zhu, Ji and Knight, Keith},
  title     = {Sparsity and smoothness via the fused lasso},
  year      = {2005},
  volume    = {67},
  number    = {1},
  pages     = {91--108},
  journal   = {Journal of the Royal Statistical Society: Series B (Statistical Methodology)},
  publisher = {Wiley Online Library},
}

@Book{elements,
  author    = {Friedman, Jerome and Hastie, Trevor and Tibshirani, Robert},
  title     = {The elements of statistical learning},
  year      = {2001},
  volume    = {1},
  number    = {10},
  publisher = {Springer series in statistics New York, NY, USA:},
}

@Book{sparsity,
  author    = {Hastie, Trevor and Tibshirani, Robert and Wainwright, Martin},
  title     = {Statistical learning with sparsity: the lasso and generalizations},
  year      = {2015},
  publisher = {CRC press},
}

@article{lasso,
  title={Regression shrinkage and selection via the lasso},
  author={Tibshirani, Robert},
  journal={Journal of the Royal Statistical Society. Series B (Methodological)},
  pages={267--288},
  year={1996},
  publisher={JSTOR}
}

@article{asymptoticslasso,
  title={Asymptotics for lasso-type estimators},
  author={Knight, Keith and Fu, Wenjiang},
  journal={Annals of statistics},
  pages={1356--1378},
  year={2000},
  publisher={JSTOR}
}

@article{belloni2014,
  title={High-dimensional methods and inference on structural and treatment effects},
  author={Belloni, Alexandre and Chernozhukov, Victor and Hansen, Christian},
  journal={Journal of Economic Perspectives},
  volume={28},
  number={2},
  pages={29--50},
  year={2014}
}

@article{cghmain,
  title={Optimizing comparative genomic hybridization for analysis of DNA sequence copy number changes in solid tumors},
  author={Kallioniemi, Olli-P and Kallioniemi, Anne and Piper, Jim and Isola, Jorma and Waldman, Fred M and Gray, Joe W and Pinkel, Dan},
  journal={Genes, Chromosomes and Cancer},
  volume={10},
  number={4},
  pages={231--243},
  year={1994},
  publisher={Wiley Online Library}
}

@article{cghsecond,
  title={Comparative genomic hybridization for molecular cytogenetic analysis of solid tumors},
  author={Kallioniemi, Anne and Kallioniemi, Olli-P and Sudar, Damir and Rutovitz, Denis and Gray, Joe W and Waldman, Fred and Pinkel, Dan},
  journal={Science},
  volume={258},
  number={5083},
  pages={818--821},
  year={1992},
  publisher={American Association for the Advancement of Science}
}

@Article{signal_alg,
  author    = {Hoefling, Holger},
  title     = {A path algorithm for the fused lasso signal approximator},
  year      = {2010},
  volume    = {19},
  number    = {4},
  pages     = {984--1006},
  journal   = {Journal of Computational and Graphical Statistics},
  publisher = {Taylor \& Francis},
}

@article{rinaldoproperties,
  title={Properties and refinements of the fused lasso},
  author={Rinaldo, Alessandro and others},
  journal={The Annals of Statistics},
  volume={37},
  number={5B},
  pages={2922--2952},
  year={2009},
  publisher={Institute of Mathematical Statistics}
}

@Article{zou2005regularization,
  author    = {Zou, Hui and Hastie, Trevor},
  title     = {Regularization and variable selection via the elastic net},
  journal   = {Journal of the Royal Statistical Society: Series B (Statistical Methodology)},
  year      = {2005},
  volume    = {67},
  number    = {2},
  pages     = {301--320},
  publisher = {Wiley Online Library},
}

@Article{zou2006adaptive,
  author    = {Zou, Hui},
  title     = {The adaptive lasso and its oracle properties},
  journal   = {Journal of the American statistical association},
  year      = {2006},
  volume    = {101},
  number    = {476},
  pages     = {1418--1429},
  publisher = {Taylor \& Francis},
}

@Article{meier2008group,
  author    = {Meier, Lukas and Van De Geer, Sara and B{\"u}hlmann, Peter},
  title     = {The group lasso for logistic regression},
  journal   = {Journal of the Royal Statistical Society: Series B (Statistical Methodology)},
  year      = {2008},
  volume    = {70},
  number    = {1},
  pages     = {53--71},
  publisher = {Wiley Online Library},
}

@Article{bleakley2011group,
  author  = {Bleakley, Kevin and Vert, Jean-Philippe},
  title   = {The group fused lasso for multiple change-point detection},
  journal = {arXiv preprint arXiv:1106.4199},
  year    = {2011},
}

@Article{friedman2007pathwise,
  author    = {Friedman, Jerome and Hastie, Trevor and H{\"o}fling, Holger and Tibshirani, Robert and others},
  title     = {Pathwise coordinate optimization},
  year      = {2007},
  volume    = {1},
  number    = {2},
  pages     = {302--332},
  journal   = {The Annals of Applied Statistics},
  publisher = {Institute of Mathematical Statistics},
}

@article{broman2002model,
  title={A model selection approach for the identification of quantitative trait loci in experimental crosses},
  author={Broman, Karl W and Speed, Terence P},
  journal={Journal of the Royal Statistical Society: Series B (Statistical Methodology)},
  volume={64},
  number={4},
  pages={641--656},
  year={2002},
  publisher={Wiley Online Library}
}


@Article{rosset2007piecewise,
  author    = {Rosset, Saharon and Zhu, Ji},
  title     = {Piecewise linear regularized solution paths},
  year      = {2007},
  pages     = {1012--1030},
  journal   = {The Annals of Statistics},
  publisher = {JSTOR},
}

@article{rosset2004boosting,
  title={Boosting as a regularized path to a maximum margin classifier},
  author={Rosset, Saharon and Zhu, Ji and Hastie, Trevor},
  journal={Journal of Machine Learning Research},
  volume={5},
  number={Aug},
  pages={941--973},
  year={2004}
}

@article{bertsimas2016best,
  title={Best subset selection via a modern optimization lens},
  author={Bertsimas, Dimitris and King, Angela and Mazumder, Rahul and others},
  journal={The annals of statistics},
  volume={44},
  number={2},
  pages={813--852},
  year={2016},
  publisher={Institute of Mathematical Statistics}
}


@article{hastie2017extended,
  title={Extended comparisons of best subset selection, forward stepwise selection, and the lasso},
  author={Hastie, Trevor and Tibshirani, Robert and Tibshirani, Ryan J},
  journal={arXiv preprint arXiv:1707.08692},
  year={2017}
}

@article{rapaport2008classification,
  title={Classification of arrayCGH data using fused SVM},
  author={Rapaport, Franck and Barillot, Emmanuel and Vert, Jean-Philippe},
  journal={Bioinformatics},
  volume={24},
  number={13},
  pages={i375--i382},
  year={2008},
  publisher={Oxford University Press}
}

@article{cvxpy,
  author  = {Steven Diamond and Stephen Boyd},
  title   = {{CVXPY}: A {P}ython-Embedded Modeling Language for Convex Optimization},
  journal = {Journal of Machine Learning Research},
  year    = {2016},
  volume  = {17},
  number  = {83},
  pages   = {1--5},
}

@article{cvxpy_rewriting,
  author  = {Akshay Agrawal, Robin Verschueren, Steven Diamond and Stephen Boyd},
  title   = {A Rewriting System for Convex Optimization Problems},
  journal = {Journal of Control and Decision},
  year    = {2018},
  volume  = {5},
  number  = {1},
  pages   = {42--60},
}

@article{tibshirani2013lasso,
	title={The lasso problem and uniqueness},
	author={Tibshirani, Ryan J and others},
	journal={Electronic Journal of Statistics},
	volume={7},
	pages={1456--1490},
	year={2013},
	publisher={The Institute of Mathematical Statistics and the Bernoulli Society}
}

@article{rudin1992nonlinear,
  title={Nonlinear total variation based noise removal algorithms},
  author={Rudin, Leonid I and Osher, Stanley and Fatemi, Emad},
  journal={Physica D: nonlinear phenomena},
  volume={60},
  number={1-4},
  pages={259--268},
  year={1992},
  publisher={Elsevier}
}

@article{scikit-learn,
	title={Scikit-learn: Machine Learning in {P}ython},
	author={Pedregosa, F. and Varoquaux, G. and Gramfort, A. and Michel, V.
	and Thirion, B. and Grisel, O. and Blondel, M. and Prettenhofer, P.
	and Weiss, R. and Dubourg, V. and Vanderplas, J. and Passos, A. and
	Cournapeau, D. and Brucher, M. and Perrot, M. and Duchesnay, E.},
	journal={Journal of Machine Learning Research},
	volume={12},
	pages={2825--2830},
	year={2011}
}

@article{ali2018generalized,
  title={The Generalized Lasso Problem and Uniqueness},
  author={Ali, Alnur and Tibshirani, Ryan J},
  journal={arXiv preprint arXiv:1805.07682},
  year={2018}
}

@article{spatial,
title={Spatial smoothing and hot spot detection for CGH data using the fused lasso},
author={Tibshirani, Robert and Wang, Pei},
journal={Biostatistics},
volume={9},
number={1},
pages={18--29},
year={2007},
publisher={Oxford University Press}
}

@article{tibshirani2011regression,
title={Regression shrinkage and selection via the lasso: a retrospective},
author={Tibshirani, Robert},
journal={Journal of the Royal Statistical Society: Series B (Statistical Methodology)},
volume={73},
number={3},
pages={273--282},
year={2011},
publisher={Wiley Online Library}
}

@Comment{jabref-meta: databaseType:biblatex;}
